<record><leader>00000cas a2200000 a 4500</leader><controlfield tag="001">12680138</controlfield><controlfield tag="008">851016d18901926ksuwr ne      0    0eng d</controlfield><datafield ind1=" " ind2=" " tag="010"><subfield code="a">sn 85029766 </subfield></datafield><datafield ind1=" " ind2=" " tag="040"><subfield code="a">KSH</subfield><subfield code="b">eng</subfield><subfield code="c">KSH</subfield><subfield code="d">NPT</subfield><subfield code="d">OCL</subfield><subfield code="d">OCLCQ</subfield></datafield><datafield ind1=" " ind2=" " tag="042"><subfield code="a">msc</subfield></datafield><datafield ind1="0" ind2="0" tag="245"><subfield code="a">Smith County journal.</subfield></datafield><datafield ind1=" " ind2=" " tag="260"><subfield code="a">Smith Centre, Kan. :</subfield><subfield code="b">Lockwood &amp; Wright,</subfield><subfield code="c">1890-1926.</subfield></datafield><datafield ind1=" " ind2=" " tag="300"><subfield code="a">36 v. :</subfield><subfield code="b">ill. ;</subfield><subfield code="c">55 cm.</subfield></datafield><datafield ind1=" " ind2=" " tag="310"><subfield code="a">Weekly</subfield></datafield><datafield ind1="0" ind2=" " tag="362"><subfield code="a">Vol. 1, no. 1 (Aug. 16, 1890)-v. 36, no. 5 (Apr. 29, 1926).</subfield></datafield><datafield ind1=" " ind2=" " tag="500"><subfield code="a">Publisher varies.</subfield></datafield><datafield ind1=" " ind2=" " tag="500"><subfield code="a">"Democratic," Nov. 13, 1902-</subfield></datafield><datafield ind1=" " ind2=" " tag="500"><subfield code="a">"Official paper of the Farmers' Alliance &amp; Industrial Union and Knights of Labor of Smith County, Kan.," May 16, 1890-Jan. 8, 1892.</subfield></datafield><datafield ind1="8" ind2=" " tag="521"><subfield code="a">"In the interest of the farming and producing classes," May 16-Sept. 13, 1890.</subfield></datafield><datafield ind1=" " ind2=" " tag="550"><subfield code="a">"The official organ for the party of reform," Apr. 7, 1892-Nov. 6, 1902.</subfield></datafield><datafield ind1=" " ind2=" " tag="580"><subfield code="a">Formed by the union of: Union labor trumpet, the people's friend, and: Lebanon journal (Lebanon, Kan.) during suspension of the Lebanon journal (Lebanon, Kan.).</subfield></datafield><datafield ind1=" " ind2=" " tag="752"><subfield code="a">United States</subfield><subfield code="b">Kansas</subfield><subfield code="c">Smith</subfield><subfield code="d">Smith Center.</subfield></datafield><datafield ind1="1" ind2="4" tag="780"><subfield code="t">Union labor trumpet, the people's friend</subfield><subfield code="w">(DLC)sn 85032302</subfield></datafield><datafield ind1="1" ind2="4" tag="780"><subfield code="t">Lebanon journal (Lebanon, Kan.)</subfield><subfield code="w">(DLC)sn 85029840</subfield></datafield><datafield ind1="0" ind2="4" tag="785"><subfield code="t">Smith County pioneer (Smith Center, Kan. : 1902)</subfield><subfield code="w">(DLC)sn 85032297</subfield></datafield><datafield ind1="1" ind2=" " tag="029"><subfield code="a">AU@</subfield><subfield code="b">000022172336</subfield></datafield></record>